<?xml version="1.0" encoding="UTF-8"?><collection xmlns="http://www.loc.gov/MARC21/slim"><record><leader>00372nam--2200133-i-4500</leader><controlfield tag="001">000047671</controlfield><controlfield tag="002">20161230</controlfield><controlfield tag="005">20161230201046</controlfield><controlfield tag="008">060222s1000------------r-----000-0-eng-d</controlfield><datafield ind1=" " ind2=" " tag="100"><subfield code="a">Wilson, Ernest D.And Ries, H</subfield></datafield><datafield ind1=" " ind2=" " tag="245"><subfield code="a">Principles of chemical engineering thermodynamics</subfield></datafield><datafield ind1=" " ind2=" " tag="260"><subfield code="a">New York, Mcgraw, 1956, Ix+376p</subfield></datafield><datafield ind1=" " ind2=" " tag="490"><subfield code="a">Mcgraw Series In Chem Eng</subfield></datafield><datafield ind1=" " ind2=" " tag="852"><subfield code="a">11795</subfield></datafield></record></collection>